@misc{unicode_error,
   author = "Stack Exchange Network",
   title = "Stack Overflow",
   year = "2015",
   url = "http://stackoverflow.com/questions/21129020/how-to-fix-unicodedecodeerror-ascii-codec-cant-decode-byte",
   note = "[Online; accessed 1-May-2015]"
 }
 
@misc{clear_function,
   author = "Stack Exchange Network",
   title = "Stack Overflow",
   year = "2015",
   url = "http://stackoverflow.com/questions/517970/how-to-clear-python-interpreter-console",
   note = "[Online; accessed 1-May-2015]"
 }
 
@misc{sql_tutorial,
   author = "W3Schools",
   title = "SQL Tutorial - W3Schools",
   year = "2015",
   url = "http://www.w3schools.com/sql/default.asp",
   note = "[Online; accessed 3-May-2015]"
 }
 
@misc{guiao_18,
   author = "João Paulo Barraca, Diogo Gomes, João Manuel Rodrigues, Mário Antunes",
   title = "Tema 18 - Bases de Dados",
   year = "2015",
   url = "http://elearning.ua.pt/pluginfile.php/197655/mod_resource/content/4/guide-18-databases.pdf",
   note = "[Online; accessed 3-May-2015]"
 }